@Misc{WikipediaHawthorne,
  author = {Wikipedia},
  month  = may,
  title  = {Experiência de Hawthorne},
  year   = {2020},
  url    = {https://pt.wikipedia.org/wiki/Experiência_de_Hawthorne},
}

@Book{mayo2004human,
  author    = {Mayo, Elton},
  publisher = {Routledge},
  title     = {The human problems of an industrial civilization},
  year      = {2004},
}

@Book{chiavenato2003introduccao,
  author    = {Chiavenato, Idalberto},
  publisher = {Elsevier Brasil},
  title     = {Introdu{\c{c}}{\~a}o {\`a} teoria geral da administra{\c{c}}{\~a}o},
  year      = {2003},
}

@Comment{jabref-meta: databaseType:bibtex;}
