@book{diamond2005colapso,
  title={Colapso como as sociedades escolhem o fracasso ou o sucesso},
  author={Diamond, Jared M},
  year={2012},
  publisher={Editora Record}
}

@article{gomide2003transporte,
  title={Transporte urbano e inclus{\~a}o social: elementos para pol{\'\i}ticas p{\'u}blicas},
  author={Gomide, Alexandre de {\'A}vila},
  year={2003},
  publisher={Instituto de Pesquisa Econ{\^o}mica Aplicada (Ipea)}
}

@article{rolnik2002possivel,
  title={{\'E} poss{\'\i}vel uma pol{\'\i}tica urbana contra a exclus{\~a}o},
  author={Rolnik, Raquel},
  journal={Servi{\c{c}}o Social e Sociedade},
  volume={72},
  pages={53--61},
  year={2002}
}
@article{vasconcellos2016mobilidade,
  title={Mobilidade cotidiana, segrega{\c{c}}{\~a}o urbana e exclus{\~a}o},
  author={Vasconcellos, Eduardo Alc{\^a}ntara de},
  year={2016},
  publisher={Instituto de Pesquisa Econ{\^o}mica Aplicada (Ipea)}
}


@article{vasconcellos2012transporte,
  title={O transporte urbano no Brasil},
  author={VASCONCELLOS, EA de},
  journal={Le Monde Diplomatique},
  number={59},
  year={2012}
}

@techreport{ipea2011emissoes,
  title={Emiss{\~o}es relativas de poluentes do transporte motorizado de passageiros nos grandes centros urbanos brasileiros},
  author={de Carvalho, Carlos Henrique Ribeiro},
  year={2011},
  institution={Texto para Discuss{\~a}o}
}

@inproceedings{martinez1998pobreza,
  title={Pobreza urbana: problemas de orden conceptual e implicaciones de pol{\'\i}tica},
  author={Martinez, CC},
  booktitle={Seminar on urban poverty sponsored by a lop and the world bank. Rio de janeiro},
  year={1998}
}

@article{constituicao,
    title= {Constitui{\c{c}}{\~a}o da Rep{\´u}blica Federativa do Brasil},
    author= {Brasil, Constitui{\c{c}}{\~a}o (1988)},
    year= {1988}
}

@ONLINE {graficoVeiculos,
    author = "São Paulo Transportes / SPTrans",
    title  = "Veículos cadastrados no Detran",
    month  = "aug",
    year   = "2019",
    url    = "https://www.prefeitura.sp.gov.br/cidade/secretarias/upload/12_veiculos_cadastrados_no_detran_sp_1980_10926.pdf",
    note = "acessado em 30 de maio de 2021"
}

@ONLINE {graficoOnibus,
    author = "São Paulo Transportes / SPTrans",
    title  = "Frota de Ônibus Urbanos",
    month  = "aug",
    year   = "2019",
    url    = "https://www.prefeitura.sp.gov.br/cidade/secretarias/upload/12_frota_de_onibus_urbanos_1983_10932.pdf",
    urldate = {31-05-2021},
    note = "acessado em 30 de maio de 2021"
}