@Book{Toffler1980,
  author    = {Alvin Toffler},
  editor    = {Bantam Books},
  publisher = {Bantam Book I in association with William Morrow \& Co.,Inc.},
  title     = {The Third Wave},
  year      = {1980},
}

@Misc{Chaplin1936,
  author       = {Charles Chaplin},
  howpublished = {Filme},
  title        = {Tempos Modernos},
  year         = {1936},
}

@Comment{jabref-meta: databaseType:bibtex;}
